
@book{PID,
  title={PID controllers: theory, design, and tuning},
  author={{\AA}str{\"o}m, Karl Johan and H{\"a}gglund, Tore},
  volume={2},
  year={1995},
  publisher={Instrument society of America Research Triangle Park, NC}
}

@inproceedings{mpc,
  title={Synthesis and stabilization of complex behaviors through online trajectory optimization},
  author={Tassa, Yuval and Erez, Tom and Todorov, Emanuel},
  booktitle={2012 IEEE/RSJ International Conference on Intelligent Robots and Systems},
  pages={4906--4913},
  year={2012},
  organization={IEEE}
}

@article{recht-survey,
  title={A tour of reinforcement learning: The view from continuous control},
  author={Recht, Benjamin},
  journal={Annual Review of Control, Robotics, and Autonomous Systems},
  volume={2},
  pages={253--279},
  year={2019},
  publisher={Annual Reviews}
}

@article{SOLAR,
  title={SOLAR: deep structured representations for model-based reinforcement learning},
  author={Zhang, Marvin and Vikram, Sharad and Smith, Laura and Abbeel, Pieter and Johnson, Matthew and Levine, Sergey},
  year={2018}
}

@inproceedings{raw-pixels-toycar,
  title={Autonomous reinforcement learning on raw visual input data in a real world application},
  author={Lange, Sascha and Riedmiller, Martin and Voigtl{\"a}nder, Arne},
  booktitle={The 2012 International Joint Conference on Neural Networks (IJCNN)},
  pages={1--8},
  year={2012},
  organization={IEEE}
}

@inproceedings{Honeywell-survey,
  title={Increasing customer value of industrial control performance monitoring-Honeywell's experience},
  author={Desborough, Lane and Miller, Randy},
  booktitle={AIChE symposium series},
  number={326},
  pages={169--189},
  year={2002},
  organization={New York; American Institute of Chemical Engineers; 1998}
}

@misc{coffee,
  title = {A Brief History of the PID},
  howpublished = {\url{https://home.lamarzoccousa.com/history-of-the-pid/}},
  note = {Accessed: 2019-09-4}
}

@misc{cruise-control,
  title={Cruise control device for motor vehicles},
  author={Kawano, Atsuhiro and  Sano, Yoshiaki and  Umeda, Hiroshi and  Nishimura, Takeshi and  Miyata, Yasunobu and  Inagaki, Keiji},
  url={https://patents.google.com/patent/US5099941A},
  year={1989},
  note={US Patent No. 5,036,936.}
}

@inproceedings{Rotary-pendulum-furuta,
  title={Swing up control of inverted pendulum},
  author={Furuta, Katsuhisa and Yamakita, Masaki and Kobayashi, Seiichi},
  booktitle={Proceedings IECON'91: 1991 International Conference on Industrial Electronics, Control and Instrumentation},
  pages={2193--2198},
  year={1991},
  organization={IEEE}
}

@article{bullet,
  title={Bullet physics library},
  author={Coumans, Erwin and others},
  journal={Open source: bulletphysics. org},
  volume={15},
  number={49},
  pages={5},
  year={2013}
}

@article{Barto-1983,
  title={Neuronlike adaptive elements that can solve difficult learning control problems},
  author={Barto, Andrew G and Sutton, Richard S and Anderson, Charles W},
  journal={IEEE transactions on systems, man, and cybernetics},
  number={5},
  pages={834--846},
  year={1983},
  publisher={IEEE}
}

@inproceedings{mujoco,
  title={Mujoco: A physics engine for model-based control},
  author={Todorov, Emanuel and Erez, Tom and Tassa, Yuval},
  booktitle={2012 IEEE/RSJ International Conference on Intelligent Robots and Systems},
  pages={5026--5033},
  year={2012},
  organization={IEEE}
}

@article{ppo,
  title={Proximal policy optimization algorithms},
  author={Schulman, John and Wolski, Filip and Dhariwal, Prafulla and Radford, Alec and Klimov, Oleg},
  journal={arXiv preprint arXiv:1707.06347},
  year={2017}
}

@article{Pytorch,
  title={Automatic differentiation in pytorch},
  author={Paszke, Adam and Gross, Sam and Chintala, Soumith and Chanan, Gregory and Yang, Edward and DeVito, Zachary and Lin, Zeming and Desmaison, Alban and Antiga, Luca and Lerer, Adam},
  year={2017}
}

@inproceedings{TF,
  title={Tensorflow: A system for large-scale machine learning},
  author={Abadi, Mart{\'\i}n and Barham, Paul and Chen, Jianmin and Chen, Zhifeng and Davis, Andy and Dean, Jeffrey and Devin, Matthieu and Ghemawat, Sanjay and Irving, Geoffrey and Isard, Michael and others},
  booktitle={12th $\{$USENIX$\}$ Symposium on Operating Systems Design and Implementation ($\{$OSDI$\}$ 16)},
  pages={265--283},
  year={2016}
}

@inproceedings{Domain-Randomization,
  title={Domain randomization for transferring deep neural networks from simulation to the real world},
  author={Tobin, Josh and Fong, Rachel and Ray, Alex and Schneider, Jonas and Zaremba, Wojciech and Abbeel, Pieter},
  booktitle={2017 IEEE/RSJ International Conference on Intelligent Robots and Systems (IROS)},
  pages={23--30},
  year={2017},
  organization={IEEE}
}

@article{Learning-Dexterity,
  title={Learning dexterous in-hand manipulation},
  author={Andrychowicz, Marcin and Baker, Bowen and Chociej, Maciek and Jozefowicz, Rafal and McGrew, Bob and Pachocki, Jakub and Petron, Arthur and Plappert, Matthias and Powell, Glenn and Ray, Alex and others},
  journal={arXiv preprint arXiv:1808.00177},
  year={2018}
}

@article{DMSuite,
  title={Deepmind control suite},
  author={Tassa, Yuval and Doron, Yotam and Muldal, Alistair and Erez, Tom and Li, Yazhe and Casas, Diego de Las and Budden, David and Abdolmaleki, Abbas and Merel, Josh and Lefrancq, Andrew and others},
  journal={arXiv preprint arXiv:1801.00690},
  year={2018}
}

@misc{OpenAIGym,
  Author = {Greg Brockman and Vicki Cheung and Ludwig Pettersson and Jonas Schneider and John Schulman and Jie Tang and Wojciech Zaremba},
  Title = {OpenAI Gym},
  Year = {2016},
  Eprint = {arXiv:1606.01540},
}

@misc{OpenAI-baselines,
  author = {Dhariwal, Prafulla and Hesse, Christopher and Klimov, Oleg and Nichol, Alex and Plappert, Matthias and Radford, Alec and Schulman, John and Sidor, Szymon and Wu, Yuhuai and Zhokhov, Peter},
  title = {OpenAI Baselines},
  year = {2017},
  publisher = {GitHub},
  journal = {GitHub repository},
  howpublished = {\url{https://github.com/openai/baselines}},
}

@misc{stable-baselines,
  author = {Hill, Ashley and Raffin, Antonin and Ernestus, Maximilian and Gleave, Adam and Traore, Rene and Dhariwal, Prafulla and Hesse, Christopher and Klimov, Oleg and Nichol, Alex and Plappert, Matthias and Radford, Alec and Schulman, John and Sidor, Szymon and Wu, Yuhuai},
  title = {Stable Baselines},
  year = {2018},
  publisher = {GitHub},
  journal = {GitHub repository},
  howpublished = {\url{https://github.com/hill-a/stable-baselines}},
}